%% ref -> estructuras de datos en java
@book{aguilar2008estructuras,
  title={Estructuras de datos en Java},
  author={Aguilar, Luis Joyanes and Mart{\'\i}nez, Ignacio Zahonero},
  year={2008},
  publisher={McGraw Hill Interamericana de Espa{\~n}a}
}

@book{goodrich2014data,
  title={Data structures and algorithms in Java},
  author={Goodrich, Michael T and Tamassia, Roberto and Goldwasser, Michael H},
  year={2014},
  publisher={John Wiley \& Sons}
}
@book{cairo2006estructuras,
  title={Estructuras de datos},
  author={Cair{\'o}, Osvaldo and Guardati, Silvia},
  year={2006},
  publisher={MC GRAW HILL INTERAMERICANA}
}
@misc{shaffer2021data,
  title={Data structures and algorithm analysis},
  author={Shaffer, Clifford A},
  year={2021}
}
@misc{garcia_2019, 
  title={JavaScript - shallow copy and deep copy}, 
  url={https://mauriciogc.medium.com/javascript-shallow-copy-and-deep-copy-757bd5fb0c76}, 
  journal={Medium}, 
  publisher={Medium}, 
  author={Garcia, Mauricio}, 
  year={2019},
  month={Dec}
} 

